<?xml version="1.0" encoding="UTF-8"?><record xmlns="http://www.loc.gov/MARC21/slim" xmlns:cinclude="http://apache.org/cocoon/include/1.0" xmlns:zs="http://www.loc.gov/zing/srw/">
  <leader>00386nz  a2200121n  4500</leader>
  <controlfield tag="001">n  88003045 </controlfield>
  <controlfield tag="003">DLC</controlfield>
  <controlfield tag="005">19881011134843.1</controlfield>
  <controlfield tag="008">880922n| acannaab|          |n aaa |||  </controlfield>
  <datafield tag="010" ind1=" " ind2=" ">
    <subfield code="a">n  88003045 </subfield>
  </datafield>
  <datafield tag="040" ind1=" " ind2=" ">
    <subfield code="a">DLC</subfield>
    <subfield code="c">DLC</subfield>
    <subfield code="d">DLC</subfield>
  </datafield>
  <datafield tag="100" ind1="1" ind2="0">
    <subfield code="a">MaubouleĚs, Jean,</subfield>
    <subfield code="d">1943-</subfield>
  </datafield>
  <datafield tag="670" ind1=" " ind2=" ">
    <subfield code="a">His Jean MaubouleĚs, c1987:</subfield>
    <subfield code="b">p. 134 (b. 1943 in Poey de Lescar (Pau), France; artist; resides in Solothurn, Switzerl.)</subfield>
  </datafield>
</record>